[gd_scene load_steps=38 format=2]

[ext_resource path="res://environment/houses/houses_1.png" type="Texture" id=1]
[ext_resource path="res://environment/houses/door/door.tscn" type="PackedScene" id=2]
[ext_resource path="res://environment/uncover/uncover.tscn" type="PackedScene" id=3]
[ext_resource path="res://environment/barrier/barrier.tscn" type="PackedScene" id=4]

[sub_resource type="RectangleShape2D" id=1]

custom_solver_bias = 0.0
extents = Vector2( 103, 2 )

[sub_resource type="RectangleShape2D" id=2]

custom_solver_bias = 0.0
extents = Vector2( 103, 0 )

[sub_resource type="RectangleShape2D" id=3]

custom_solver_bias = 0.0
extents = Vector2( 73, 0 )

[sub_resource type="RectangleShape2D" id=4]

custom_solver_bias = 0.0
extents = Vector2( 22, 2 )

[sub_resource type="RectangleShape2D" id=5]

custom_solver_bias = 0.0
extents = Vector2( 103, 2 )

[sub_resource type="RectangleShape2D" id=6]

custom_solver_bias = 0.0
extents = Vector2( 67, 0 )

[sub_resource type="RectangleShape2D" id=7]

custom_solver_bias = 0.0
extents = Vector2( 41, 0 )

[sub_resource type="RectangleShape2D" id=8]

custom_solver_bias = 0.0
extents = Vector2( 2, 60 )

[sub_resource type="RectangleShape2D" id=9]

custom_solver_bias = 0.0
extents = Vector2( 2, 72 )

[sub_resource type="RectangleShape2D" id=10]

custom_solver_bias = 0.0
extents = Vector2( 2, 41 )

[sub_resource type="RectangleShape2D" id=11]

custom_solver_bias = 0.0
extents = Vector2( 2, 10 )

[sub_resource type="RectangleShape2D" id=12]

custom_solver_bias = 0.0
extents = Vector2( 2, 23 )

[sub_resource type="RectangleShape2D" id=13]

custom_solver_bias = 0.0
extents = Vector2( 99, 26 )

[sub_resource type="Animation" id=14]

length = 1.75
loop = true
step = 0.05
tracks/0/type = "value"
tracks/0/path = NodePath("door:frame")
tracks/0/interp = 1
tracks/0/loop_wrap = true
tracks/0/imported = false
tracks/0/enabled = true
tracks/0/keys = {
"times": PoolRealArray( 0, 1, 1.05, 1.1, 1.15, 1.2, 1.25, 1.3, 1.35, 1.4, 1.45, 1.5, 1.55, 1.6, 1.65, 1.7 ),
"transitions": PoolRealArray( 1, 1, 1, 1, 1, 1, 1, 1, 1, 1, 1, 1, 1, 1, 1, 1 ),
"update": 1,
"values": [ 0, 1, 2, 3, 4, 5, 6, 7, 8, 9, 10, 11, 12, 13, 14, 15 ]
}

[sub_resource type="Animation" id=15]

length = 1.0
loop = false
step = 0.1
tracks/0/type = "value"
tracks/0/path = NodePath("door:frame")
tracks/0/interp = 1
tracks/0/loop_wrap = true
tracks/0/imported = false
tracks/0/enabled = true
tracks/0/keys = {
"times": PoolRealArray( 0 ),
"transitions": PoolRealArray( 1 ),
"update": 1,
"values": [ 16 ]
}

[sub_resource type="Animation" id=16]

length = 1.0
loop = false
step = 0.1
tracks/0/type = "value"
tracks/0/path = NodePath("polygon:color")
tracks/0/interp = 1
tracks/0/loop_wrap = true
tracks/0/imported = false
tracks/0/enabled = true
tracks/0/keys = {
"times": PoolRealArray( 0, 0.5 ),
"transitions": PoolRealArray( 1, 1 ),
"update": 0,
"values": [ Color( 0, 0, 0, 1 ), Color( 0, 0, 0, 0 ) ]
}

[sub_resource type="Animation" id=17]

length = 1.0
loop = false
step = 0.1
tracks/0/type = "value"
tracks/0/path = NodePath("polygon:color")
tracks/0/interp = 1
tracks/0/loop_wrap = true
tracks/0/imported = false
tracks/0/enabled = true
tracks/0/keys = {
"times": PoolRealArray( 0 ),
"transitions": PoolRealArray( 1 ),
"update": 0,
"values": [ Color( 0, 0, 0, 1 ) ]
}

[sub_resource type="Animation" id=18]

length = 1.75
loop = true
step = 0.05
tracks/0/type = "value"
tracks/0/path = NodePath("door:frame")
tracks/0/interp = 1
tracks/0/loop_wrap = true
tracks/0/imported = false
tracks/0/enabled = true
tracks/0/keys = {
"times": PoolRealArray( 0, 1, 1.05, 1.1, 1.15, 1.2, 1.25, 1.3, 1.35, 1.4, 1.45, 1.5, 1.55, 1.6, 1.65, 1.7 ),
"transitions": PoolRealArray( 1, 1, 1, 1, 1, 1, 1, 1, 1, 1, 1, 1, 1, 1, 1, 1 ),
"update": 1,
"values": [ 0, 1, 2, 3, 4, 5, 6, 7, 8, 9, 10, 11, 12, 13, 14, 15 ]
}

[sub_resource type="Animation" id=19]

length = 1.0
loop = false
step = 0.1
tracks/0/type = "value"
tracks/0/path = NodePath("door:frame")
tracks/0/interp = 1
tracks/0/loop_wrap = true
tracks/0/imported = false
tracks/0/enabled = true
tracks/0/keys = {
"times": PoolRealArray( 0 ),
"transitions": PoolRealArray( 1 ),
"update": 1,
"values": [ 16 ]
}

[sub_resource type="Animation" id=20]

length = 1.0
loop = false
step = 0.1
tracks/0/type = "value"
tracks/0/path = NodePath("polygon:color")
tracks/0/interp = 1
tracks/0/loop_wrap = true
tracks/0/imported = false
tracks/0/enabled = true
tracks/0/keys = {
"times": PoolRealArray( 0, 0.5 ),
"transitions": PoolRealArray( 1, 1 ),
"update": 0,
"values": [ Color( 0, 0, 0, 1 ), Color( 0, 0, 0, 0 ) ]
}

[sub_resource type="Animation" id=21]

length = 1.0
loop = false
step = 0.1
tracks/0/type = "value"
tracks/0/path = NodePath("polygon:color")
tracks/0/interp = 1
tracks/0/loop_wrap = true
tracks/0/imported = false
tracks/0/enabled = true
tracks/0/keys = {
"times": PoolRealArray( 0 ),
"transitions": PoolRealArray( 1 ),
"update": 0,
"values": [ Color( 0, 0, 0, 1 ) ]
}

[sub_resource type="Animation" id=22]

length = 1.75
loop = true
step = 0.05
tracks/0/type = "value"
tracks/0/path = NodePath("door:frame")
tracks/0/interp = 1
tracks/0/loop_wrap = true
tracks/0/imported = false
tracks/0/enabled = true
tracks/0/keys = {
"times": PoolRealArray( 0, 1, 1.05, 1.1, 1.15, 1.2, 1.25, 1.3, 1.35, 1.4, 1.45, 1.5, 1.55, 1.6, 1.65, 1.7 ),
"transitions": PoolRealArray( 1, 1, 1, 1, 1, 1, 1, 1, 1, 1, 1, 1, 1, 1, 1, 1 ),
"update": 1,
"values": [ 0, 1, 2, 3, 4, 5, 6, 7, 8, 9, 10, 11, 12, 13, 14, 15 ]
}

[sub_resource type="Animation" id=23]

length = 1.0
loop = false
step = 0.1
tracks/0/type = "value"
tracks/0/path = NodePath("door:frame")
tracks/0/interp = 1
tracks/0/loop_wrap = true
tracks/0/imported = false
tracks/0/enabled = true
tracks/0/keys = {
"times": PoolRealArray( 0 ),
"transitions": PoolRealArray( 1 ),
"update": 1,
"values": [ 16 ]
}

[sub_resource type="Animation" id=24]

length = 1.0
loop = false
step = 0.1
tracks/0/type = "value"
tracks/0/path = NodePath("polygon:color")
tracks/0/interp = 1
tracks/0/loop_wrap = true
tracks/0/imported = false
tracks/0/enabled = true
tracks/0/keys = {
"times": PoolRealArray( 0, 0.5 ),
"transitions": PoolRealArray( 1, 1 ),
"update": 0,
"values": [ Color( 0, 0, 0, 1 ), Color( 0, 0, 0, 0 ) ]
}

[sub_resource type="Animation" id=25]

length = 1.0
loop = false
step = 0.1
tracks/0/type = "value"
tracks/0/path = NodePath("polygon:color")
tracks/0/interp = 1
tracks/0/loop_wrap = true
tracks/0/imported = false
tracks/0/enabled = true
tracks/0/keys = {
"times": PoolRealArray( 0 ),
"transitions": PoolRealArray( 1 ),
"update": 0,
"values": [ Color( 0, 0, 0, 1 ) ]
}

[sub_resource type="Animation" id=26]

length = 1.75
loop = true
step = 0.05
tracks/0/type = "value"
tracks/0/path = NodePath("door:frame")
tracks/0/interp = 1
tracks/0/loop_wrap = true
tracks/0/imported = false
tracks/0/enabled = true
tracks/0/keys = {
"times": PoolRealArray( 0, 1, 1.05, 1.1, 1.15, 1.2, 1.25, 1.3, 1.35, 1.4, 1.45, 1.5, 1.55, 1.6, 1.65, 1.7 ),
"transitions": PoolRealArray( 1, 1, 1, 1, 1, 1, 1, 1, 1, 1, 1, 1, 1, 1, 1, 1 ),
"update": 1,
"values": [ 0, 1, 2, 3, 4, 5, 6, 7, 8, 9, 10, 11, 12, 13, 14, 15 ]
}

[sub_resource type="Animation" id=27]

length = 1.0
loop = false
step = 0.1
tracks/0/type = "value"
tracks/0/path = NodePath("door:frame")
tracks/0/interp = 1
tracks/0/loop_wrap = true
tracks/0/imported = false
tracks/0/enabled = true
tracks/0/keys = {
"times": PoolRealArray( 0 ),
"transitions": PoolRealArray( 1 ),
"update": 1,
"values": [ 16 ]
}

[sub_resource type="Animation" id=28]

length = 1.0
loop = false
step = 0.1
tracks/0/type = "value"
tracks/0/path = NodePath("polygon:color")
tracks/0/interp = 1
tracks/0/loop_wrap = true
tracks/0/imported = false
tracks/0/enabled = true
tracks/0/keys = {
"times": PoolRealArray( 0, 0.5 ),
"transitions": PoolRealArray( 1, 1 ),
"update": 0,
"values": [ Color( 0, 0, 0, 1 ), Color( 0, 0, 0, 0 ) ]
}

[sub_resource type="Animation" id=29]

length = 1.0
loop = false
step = 0.1
tracks/0/type = "value"
tracks/0/path = NodePath("polygon:color")
tracks/0/interp = 1
tracks/0/loop_wrap = true
tracks/0/imported = false
tracks/0/enabled = true
tracks/0/keys = {
"times": PoolRealArray( 0 ),
"transitions": PoolRealArray( 1 ),
"update": 0,
"values": [ Color( 0, 0, 0, 1 ) ]
}

[sub_resource type="RectangleShape2D" id=30]

custom_solver_bias = 0.0
extents = Vector2( 25, 10 )

[sub_resource type="Animation" id=31]

length = 1.0
loop = false
step = 0.1
tracks/0/type = "value"
tracks/0/path = NodePath("polygon:color")
tracks/0/interp = 1
tracks/0/loop_wrap = true
tracks/0/imported = false
tracks/0/enabled = true
tracks/0/keys = {
"times": PoolRealArray( 0, 0.5 ),
"transitions": PoolRealArray( 1, 1 ),
"update": 0,
"values": [ Color( 0, 0, 0, 1 ), Color( 0, 0, 0, 0 ) ]
}

[sub_resource type="Animation" id=32]

length = 1.0
loop = false
step = 0.1
tracks/0/type = "value"
tracks/0/path = NodePath("polygon:color")
tracks/0/interp = 1
tracks/0/loop_wrap = true
tracks/0/imported = false
tracks/0/enabled = true
tracks/0/keys = {
"times": PoolRealArray( 0 ),
"transitions": PoolRealArray( 1 ),
"update": 0,
"values": [ Color( 0, 0, 0, 1 ) ]
}

[sub_resource type="RectangleShape2D" id=33]

custom_solver_bias = 0.0
extents = Vector2( 3, 8 )

[node name="house_1" type="StaticBody2D"]

input_pickable = false
collision_layer = 7
collision_mask = 7
constant_linear_velocity = Vector2( 0, 0 )
constant_angular_velocity = 0.0
friction = 1.0
bounce = 0.0
_sections_unfolded = [ "Collision", "Transform" ]

[node name="houses_1" type="Sprite" parent="." index="0"]

position = Vector2( 0, -160 )
texture = ExtResource( 1 )
centered = false
region_rect = Rect2( 0, 0, 504, 160 )
_sections_unfolded = [ "Offset" ]
__meta__ = {
"_edit_lock_": true
}

[node name="floor_1" type="CollisionShape2D" parent="." index="1"]

position = Vector2( 103, -2 )
shape = SubResource( 1 )
__meta__ = {
"_edit_lock_": true
}

[node name="floor_2" type="CollisionShape2D" parent="." index="2"]

position = Vector2( 103, -49 )
shape = SubResource( 2 )
one_way_collision = true
__meta__ = {
"_edit_lock_": true
}

[node name="floor_3" type="CollisionShape2D" parent="." index="3"]

position = Vector2( 103, -97 )
shape = SubResource( 2 )
one_way_collision = true
__meta__ = {
"_edit_lock_": true
}

[node name="floor_4" type="CollisionShape2D" parent="." index="4"]

position = Vector2( 133, -145 )
shape = SubResource( 3 )
one_way_collision = true
__meta__ = {
"_edit_lock_": true
}

[node name="floor_5" type="CollisionShape2D" parent="." index="5"]

position = Vector2( 22, -146 )
shape = SubResource( 4 )
__meta__ = {
"_edit_lock_": true
}

[node name="floor_6" type="CollisionShape2D" parent="." index="6"]

position = Vector2( 380, -2 )
shape = SubResource( 5 )
__meta__ = {
"_edit_lock_": true
}

[node name="floor_7" type="CollisionShape2D" parent="." index="7"]

position = Vector2( 328, -49 )
shape = SubResource( 6 )
one_way_collision = true
__meta__ = {
"_edit_lock_": true
}

[node name="floor_8" type="CollisionShape2D" parent="." index="8"]

position = Vector2( 460, -49 )
shape = SubResource( 7 )
one_way_collision = true
__meta__ = {
"_edit_lock_": true
}

[node name="stairs_1" type="CollisionPolygon2D" parent="." index="9"]

position = Vector2( 3, 0 )
build_mode = 0
polygon = PoolVector2Array( 128, 0, 177, -49, 200, -49, 200, 0 )
__meta__ = {
"_edit_lock_": true
}

[node name="stairs_2" type="CollisionPolygon2D" parent="." index="10"]

position = Vector2( 202.425, -48 )
scale = Vector2( -1, 1 )
build_mode = 0
polygon = PoolVector2Array( 128, 0, 177.425, -49, 199.425, -49, 199.425, 0 )
_sections_unfolded = [ "Transform" ]
__meta__ = {
"_edit_lock_": true
}

[node name="stairs_3" type="CollisionPolygon2D" parent="." index="11"]

position = Vector2( 3, -96 )
build_mode = 0
polygon = PoolVector2Array( 128, 0, 177, -49, 200, -49, 200, 0 )
__meta__ = {
"_edit_lock_": true
}

[node name="stairs_4" type="CollisionPolygon2D" parent="." index="12"]

position = Vector2( 280, 0 )
build_mode = 0
polygon = PoolVector2Array( 128, 0, 177, -49, 200, -49, 200, 0 )
__meta__ = {
"_edit_lock_": true
}

[node name="walls_1" type="CollisionShape2D" parent="." index="13"]

position = Vector2( 2, -88 )
shape = SubResource( 8 )
__meta__ = {
"_edit_lock_": true
}

[node name="walls_2" type="CollisionShape2D" parent="." index="14"]

position = Vector2( 204, -74 )
shape = SubResource( 9 )
__meta__ = {
"_edit_lock_": true
}

[node name="walls_3" type="CollisionShape2D" parent="." index="15"]

position = Vector2( 279, -117 )
shape = SubResource( 10 )
__meta__ = {
"_edit_lock_": true
}

[node name="walls_4" type="CollisionShape2D" parent="." index="16"]

position = Vector2( 481, -118 )
shape = SubResource( 10 )
__meta__ = {
"_edit_lock_": true
}

[node name="walls_5" type="CollisionShape2D" parent="." index="17"]

position = Vector2( 279, -38 )
shape = SubResource( 11 )
__meta__ = {
"_edit_lock_": true
}

[node name="walls_6" type="CollisionShape2D" parent="." index="18"]

position = Vector2( 481, -26 )
shape = SubResource( 12 )
__meta__ = {
"_edit_lock_": true
}

[node name="walls_7" type="CollisionShape2D" parent="." index="19"]

position = Vector2( 380, -122 )
shape = SubResource( 13 )
__meta__ = {
"_edit_lock_": true
}

[node name="door_1" parent="." index="20" instance=ExtResource( 2 )]

editor/display_folded = true
position = Vector2( 0, -4 )

[node name="polygon" parent="door_1" index="4"]

polygon = PoolVector2Array( 106, -47, 3, -47, 3, 2, 106, 2 )

[node name="door_2" parent="." index="21" instance=ExtResource( 2 )]

editor/display_folded = true
position = Vector2( 101, -4 )

[node name="anim" parent="door_2" index="2"]

anims/cycle = SubResource( 14 )
anims/open = SubResource( 15 )

[node name="polygon_anim" parent="door_2" index="3"]

anims/cycle = SubResource( 16 )
anims/start = SubResource( 17 )

[node name="polygon" parent="door_2" index="4"]

polygon = PoolVector2Array( 98, -47, 3, -47, 3, 2, 98, 2 )

[node name="door_3" parent="." index="22" instance=ExtResource( 2 )]

editor/display_folded = true
position = Vector2( 104, -52 )
rotation = -3.14159
scale = Vector2( 1, -1 )
_sections_unfolded = [ "Transform" ]

[node name="anim" parent="door_3" index="2"]

anims/cycle = SubResource( 18 )
anims/open = SubResource( 19 )

[node name="polygon_anim" parent="door_3" index="3"]

anims/cycle = SubResource( 20 )
anims/start = SubResource( 21 )

[node name="polygon" parent="door_3" index="4"]

polygon = PoolVector2Array( 103, -47, 3, -47, 3, 2, 103, 2 )
_sections_unfolded = [ "Transform", "Z Index" ]

[node name="door_4" parent="." index="23" instance=ExtResource( 2 )]

editor/display_folded = true
position = Vector2( 101, -100 )

[node name="polygon" parent="door_4" index="4"]

polygon = PoolVector2Array( 3, -47, 3, 1, 102, 1, 102, -47 )

[node name="door_5" parent="." index="24" instance=ExtResource( 2 )]

editor/display_folded = true
position = Vector2( 277, -52 )

[node name="anim" parent="door_5" index="2"]

anims/cycle = SubResource( 22 )
anims/open = SubResource( 23 )

[node name="polygon_anim" parent="door_5" index="3"]

anims/cycle = SubResource( 24 )
anims/start = SubResource( 25 )

[node name="polygon" parent="door_5" index="4"]

polygon = PoolVector2Array( 3, 2, 101, 2, 101, 49, 206, 49, 206, -47, 3, -47 )

[node name="door_6" parent="." index="25" instance=ExtResource( 2 )]

editor/display_folded = true
position = Vector2( 480, -52 )
_sections_unfolded = [ "Transform" ]

[node name="anim" parent="door_6" index="2"]

anims/cycle = SubResource( 26 )
anims/open = SubResource( 27 )

[node name="polygon_anim" parent="door_6" index="3"]

anims/cycle = SubResource( 28 )
anims/start = SubResource( 29 )

[node name="door_7" parent="." index="26" instance=ExtResource( 2 )]

editor/display_folded = true
position = Vector2( 381, -4 )
rotation = 3.14159
scale = Vector2( 1, -1 )
_sections_unfolded = [ "Transform" ]

[node name="polygon" parent="door_7" index="4"]

polygon = PoolVector2Array( 103, -44.0003, 2.99988, -44, 3, 0.999992, 103, 0.999739 )

[node name="door_8" parent="." index="27" instance=ExtResource( 2 )]

editor/display_folded = true
position = Vector2( 281, -4 )
rotation = 3.14159
scale = Vector2( 1, -1 )
_sections_unfolded = [ "Transform" ]

[node name="uncover_1" parent="." index="28" instance=ExtResource( 3 )]

editor/display_folded = true
position = Vector2( 180, -59 )

[node name="CollisionShape2D" parent="uncover_1" index="0"]

shape = SubResource( 30 )

[node name="polygon" parent="uncover_1" index="1"]

polygon = PoolVector2Array( -80, 8, 24, 8, 24, -40, -80, -40 )

[node name="uncover_2" parent="." index="29" instance=ExtResource( 3 )]

editor/display_folded = true
position = Vector2( 37, -105 )

[node name="CollisionShape2D" parent="uncover_2" index="0"]

position = Vector2( -6, 0 )

[node name="polygon" parent="uncover_2" index="1"]

position = Vector2( 44, -4 )
polygon = PoolVector2Array( -80, -39, 24, -39, 24, 10, -80, 10 )

[node name="anim" parent="uncover_2" index="2"]

anims/open = SubResource( 31 )
anims/start = SubResource( 32 )

[node name="barrier_01" parent="." index="30" instance=ExtResource( 4 )]

position = Vector2( 47, -20 )

[node name="barrier_02" parent="." index="31" instance=ExtResource( 4 )]

position = Vector2( 84, -68 )

[node name="barrier_03" parent="." index="32" instance=ExtResource( 4 )]

position = Vector2( 105, -179 )

[node name="barrier_04" parent="." index="33" instance=ExtResource( 4 )]

position = Vector2( 300, -20 )

[node name="barrier_05" parent="." index="34" instance=ExtResource( 4 )]

position = Vector2( 311, -20 )

[node name="barrier_06" parent="." index="35" instance=ExtResource( 4 )]

editor/display_folded = true
position = Vector2( 263, -20 )

[node name="collision" parent="barrier_06" index="0"]

shape = SubResource( 33 )


[editable path="door_1"]
[editable path="door_2"]
[editable path="door_3"]
[editable path="door_4"]
[editable path="door_5"]
[editable path="door_6"]
[editable path="door_7"]
[editable path="uncover_1"]
[editable path="uncover_2"]
[editable path="barrier_06"]
