[gd_scene load_steps=20 format=2]

[ext_resource path="res://player/finalscene/player_final_scene.gd" type="Script" id=1]
[ext_resource path="res://player/art/girl.png" type="Texture" id=2]
[ext_resource path="res://environment/box/box.tscn" type="PackedScene" id=3]
[ext_resource path="res://player/finalscene/final_msg.gd" type="Script" id=4]

[sub_resource type="CapsuleShape2D" id=1]

custom_solver_bias = 0.0
radius = 3.5
height = 13.0

[sub_resource type="Animation" id=2]

resource_name = "dead"
length = 2.0
loop = false
step = 0.1
tracks/0/type = "value"
tracks/0/path = NodePath("rotate/girl:frame")
tracks/0/interp = 1
tracks/0/loop_wrap = true
tracks/0/imported = false
tracks/0/enabled = true
tracks/0/keys = {
"times": PoolRealArray( 0, 1, 1.5 ),
"transitions": PoolRealArray( 1, 1, 1 ),
"update": 1,
"values": [ 0, 38, 39 ]
}

[sub_resource type="Animation" id=3]

resource_name = "dead_fast"
length = 2.0
loop = false
step = 0.1
tracks/0/type = "value"
tracks/0/path = NodePath("rotate/girl:frame")
tracks/0/interp = 1
tracks/0/loop_wrap = true
tracks/0/imported = false
tracks/0/enabled = true
tracks/0/keys = {
"times": PoolRealArray( 0, 0.1, 0.3 ),
"transitions": PoolRealArray( 1, 1, 1 ),
"update": 1,
"values": [ 0, 38, 39 ]
}

[sub_resource type="Animation" id=4]

length = 1.0
loop = false
step = 0.1
tracks/0/type = "value"
tracks/0/path = NodePath("rotate/girl:frame")
tracks/0/interp = 1
tracks/0/loop_wrap = true
tracks/0/imported = false
tracks/0/enabled = true
tracks/0/keys = {
"times": PoolRealArray( 0, 0.2 ),
"transitions": PoolRealArray( 1, 1 ),
"update": 1,
"values": [ 50, 51 ]
}

[sub_resource type="Animation" id=5]

length = 0.2
loop = true
step = 0.1
tracks/0/type = "value"
tracks/0/path = NodePath("rotate/girl:frame")
tracks/0/interp = 1
tracks/0/loop_wrap = true
tracks/0/imported = false
tracks/0/enabled = true
tracks/0/keys = {
"times": PoolRealArray( 0, 0.1 ),
"transitions": PoolRealArray( 1, 1 ),
"update": 1,
"values": [ 29, 30 ]
}

[sub_resource type="Animation" id=6]

length = 1.0
loop = false
step = 0.1
tracks/0/type = "value"
tracks/0/path = NodePath("rotate/girl:frame")
tracks/0/interp = 1
tracks/0/loop_wrap = true
tracks/0/imported = false
tracks/0/enabled = true
tracks/0/keys = {
"times": PoolRealArray( 0 ),
"transitions": PoolRealArray( 1 ),
"update": 1,
"values": [ 32 ]
}

[sub_resource type="Animation" id=7]

length = 9.6
loop = true
step = 0.2
tracks/0/type = "value"
tracks/0/path = NodePath("rotate/girl:frame")
tracks/0/interp = 1
tracks/0/loop_wrap = true
tracks/0/imported = false
tracks/0/enabled = true
tracks/0/keys = {
"times": PoolRealArray( 0, 0.4, 0.6, 0.8, 1.2, 1.6, 1.8, 2, 2.4, 2.8, 3, 3.2, 3.6, 4, 4.2, 4.4, 4.8, 5.2, 5.4, 5.6, 6, 6.4, 6.6, 6.8, 7.2, 7.6, 7.8, 8, 8.4, 8.8, 9, 9.2 ),
"transitions": PoolRealArray( 1, 1, 1, 1, 1, 1, 1, 1, 1, 1, 1, 1, 1, 1, 1, 1, 1, 1, 1, 1, 1, 1, 1, 1, 1, 1, 1, 1, 1, 1, 1, 1 ),
"update": 1,
"values": [ 0, 1, 2, 3, 0, 1, 2, 3, 4, 5, 6, 7, 0, 1, 2, 3, 0, 1, 2, 3, 4, 5, 6, 7, 8, 9, 10, 11, 8, 9, 10, 11 ]
}
tracks/1/type = "value"
tracks/1/path = NodePath("rotate/box:position")
tracks/1/interp = 1
tracks/1/loop_wrap = true
tracks/1/imported = false
tracks/1/enabled = true
tracks/1/keys = {
"times": PoolRealArray( 0, 0.4, 1.2, 1.6, 2.4, 2.8, 3.6, 4, 4.8, 5.2, 6, 6.4, 7.2, 7.6, 8.4, 8.8 ),
"transitions": PoolRealArray( 1, 1, 1, 1, 1, 1, 1, 1, 1, 1, 1, 1, 1, 1, 1, 1 ),
"update": 1,
"values": [ Vector2( 6, -7 ), Vector2( 6, -6 ), Vector2( 6, -7 ), Vector2( 6, -6 ), Vector2( 6, -7 ), Vector2( 6, -6 ), Vector2( 6, -7 ), Vector2( 6, -6 ), Vector2( 6, -7 ), Vector2( 6, -6 ), Vector2( 6, -7 ), Vector2( 6, -6 ), Vector2( 6, -7 ), Vector2( 6, -6 ), Vector2( 6, -7 ), Vector2( 6, -6 ) ]
}

[sub_resource type="Animation" id=8]

length = 1.2
loop = true
step = 0.1
tracks/0/type = "value"
tracks/0/path = NodePath("rotate/girl:frame")
tracks/0/interp = 1
tracks/0/loop_wrap = true
tracks/0/imported = false
tracks/0/enabled = true
tracks/0/keys = {
"times": PoolRealArray( 0, 0.4 ),
"transitions": PoolRealArray( 1, 1 ),
"update": 1,
"values": [ 33, 34 ]
}

[sub_resource type="Animation" id=9]

length = 1.0
loop = false
step = 0.1
tracks/0/type = "value"
tracks/0/path = NodePath("rotate/girl:frame")
tracks/0/interp = 1
tracks/0/loop_wrap = true
tracks/0/imported = false
tracks/0/enabled = true
tracks/0/keys = {
"times": PoolRealArray( 0, 0.2, 0.6 ),
"transitions": PoolRealArray( 1, 1, 1 ),
"update": 1,
"values": [ 47, 48, 47 ]
}

[sub_resource type="Animation" id=10]

length = 1.0
loop = false
step = 0.1
tracks/0/type = "value"
tracks/0/path = NodePath("rotate/girl:frame")
tracks/0/interp = 1
tracks/0/loop_wrap = true
tracks/0/imported = false
tracks/0/enabled = true
tracks/0/keys = {
"times": PoolRealArray( 0, 0.1 ),
"transitions": PoolRealArray( 1, 1 ),
"update": 1,
"values": [ 31, 28 ]
}

[sub_resource type="Animation" id=11]

length = 0.6
loop = true
step = 0.15
tracks/0/type = "value"
tracks/0/path = NodePath("rotate/girl:frame")
tracks/0/interp = 1
tracks/0/loop_wrap = true
tracks/0/imported = false
tracks/0/enabled = true
tracks/0/keys = {
"times": PoolRealArray( 0, 0.15, 0.3, 0.45 ),
"transitions": PoolRealArray( 1, 1, 1, 1 ),
"update": 1,
"values": [ 54, 55, 56, 57 ]
}

[sub_resource type="Animation" id=12]

length = 0.4
loop = true
step = 0.1
tracks/0/type = "value"
tracks/0/path = NodePath("rotate/girl:frame")
tracks/0/interp = 1
tracks/0/loop_wrap = true
tracks/0/imported = false
tracks/0/enabled = true
tracks/0/keys = {
"times": PoolRealArray( 0, 0.1, 0.2, 0.3 ),
"transitions": PoolRealArray( 1, 1, 1, 1 ),
"update": 1,
"values": [ 12, 13, 14, 15 ]
}
tracks/1/type = "value"
tracks/1/path = NodePath("rotate/box:position")
tracks/1/interp = 1
tracks/1/loop_wrap = true
tracks/1/imported = false
tracks/1/enabled = true
tracks/1/keys = {
"times": PoolRealArray( 0, 0.1, 0.2, 0.3 ),
"transitions": PoolRealArray( 1, 1, 1, 1 ),
"update": 1,
"values": [ Vector2( 6, -10 ), Vector2( 5, -6 ), Vector2( 6, -6 ), Vector2( 6, -9 ) ]
}

[sub_resource type="Animation" id=13]

length = 1.0
loop = false
step = 0.05
tracks/0/type = "value"
tracks/0/path = NodePath("rotate/girl:frame")
tracks/0/interp = 1
tracks/0/loop_wrap = true
tracks/0/imported = false
tracks/0/enabled = true
tracks/0/keys = {
"times": PoolRealArray( 0, 0.05, 0.1 ),
"transitions": PoolRealArray( 1, 1, 1 ),
"update": 1,
"values": [ 35, 36, 37 ]
}
tracks/1/type = "method"
tracks/1/path = NodePath(".")
tracks/1/interp = 1
tracks/1/loop_wrap = true
tracks/1/imported = false
tracks/1/enabled = true
tracks/1/keys = {
"times": PoolRealArray( 0, 0.1 ),
"transitions": PoolRealArray( 1, 1 ),
"values": [ {
"args": [  ],
"method": "shoot"
}, {
"args": [  ],
"method": "compute_shoot"
} ]
}

[sub_resource type="Animation" id=14]

length = 0.8
loop = true
step = 0.1
tracks/0/type = "value"
tracks/0/path = NodePath("rotate/girl:frame")
tracks/0/interp = 1
tracks/0/loop_wrap = true
tracks/0/imported = false
tracks/0/enabled = true
tracks/0/keys = {
"times": PoolRealArray( 0, 0.4 ),
"transitions": PoolRealArray( 1, 1 ),
"update": 1,
"values": [ 52, 53 ]
}

[sub_resource type="Animation" id=15]

length = 0.6
loop = true
step = 0.15
tracks/0/type = "value"
tracks/0/path = NodePath("rotate/girl:frame")
tracks/0/interp = 1
tracks/0/loop_wrap = true
tracks/0/imported = false
tracks/0/enabled = true
tracks/0/keys = {
"times": PoolRealArray( 0, 0.15, 0.3, 0.45 ),
"transitions": PoolRealArray( 1, 1, 1, 1 ),
"update": 1,
"values": [ 20, 21, 22, 23 ]
}
tracks/1/type = "value"
tracks/1/path = NodePath("rotate/box:position")
tracks/1/interp = 1
tracks/1/loop_wrap = true
tracks/1/imported = false
tracks/1/enabled = true
tracks/1/keys = {
"times": PoolRealArray( 0, 0.15, 0.3, 0.45 ),
"transitions": PoolRealArray( 1, 1, 1, 1 ),
"update": 1,
"values": [ Vector2( 6, -6 ), Vector2( 6, -5 ), Vector2( 6, -6 ), Vector2( 6, -7 ) ]
}

[node name="player_final_scene" type="KinematicBody2D"]

z_index = 1
input_pickable = false
collision_layer = 2
collision_mask = 2
collision/safe_margin = 0.08
script = ExtResource( 1 )
_sections_unfolded = [ "Collision", "Transform", "Z Index", "collision" ]

[node name="collision" type="CollisionShape2D" parent="." index="0"]

position = Vector2( 0, -10 )
shape = SubResource( 1 )
__meta__ = {
"_edit_lock_": true
}

[node name="rotate" type="Node2D" parent="." index="1"]

__meta__ = {
"_edit_lock_": true
}

[node name="girl" type="Sprite" parent="rotate" index="0"]

texture = ExtResource( 2 )
offset = Vector2( 0, -16 )
vframes = 8
hframes = 16
frame = 7
_sections_unfolded = [ "Animation", "Transform" ]
__meta__ = {
"_edit_lock_": true
}

[node name="box" parent="rotate" index="1" instance=ExtResource( 3 )]

position = Vector2( 6, -6 )

[node name="anim" type="AnimationPlayer" parent="." index="2"]

root_node = NodePath("..")
autoplay = ""
playback_process_mode = 1
playback_default_blend_time = 0.0
playback_speed = 1.0
anims/dead = SubResource( 2 )
anims/dead_fast = SubResource( 3 )
anims/duck = SubResource( 4 )
anims/fall = SubResource( 5 )
anims/fall_begin = SubResource( 6 )
anims/idle = SubResource( 7 )
anims/idle_shoot = SubResource( 8 )
anims/interact = SubResource( 9 )
anims/jump = SubResource( 10 )
anims/push = SubResource( 11 )
anims/run = SubResource( 12 )
anims/shoot = SubResource( 13 )
anims/tired = SubResource( 14 )
anims/walk = SubResource( 15 )
blend_times = [  ]

[node name="final_msg" type="Node2D" parent="." index="3"]

script = ExtResource( 4 )

[connection signal="final_message" from="." to="final_msg" method="_on_player_final_scene_final_message"]


