[gd_scene load_steps=7 format=2]

[ext_resource path="res://environment/backgrounds/mountains/mountains.gd" type="Script" id=1]
[ext_resource path="res://environment/backgrounds/caves/sky.png" type="Texture" id=2]
[ext_resource path="res://environment/backgrounds/caves/back.png" type="Texture" id=3]
[ext_resource path="res://environment/backgrounds/caves/middle.png" type="Texture" id=4]
[ext_resource path="res://environment/backgrounds/caves/front.png" type="Texture" id=5]

[sub_resource type="Animation" id=3]

resource_name = "day_night"
length = 1.0
loop = false
step = 0.1
tracks/0/type = "value"
tracks/0/path = NodePath("back:modulate")
tracks/0/interp = 1
tracks/0/loop_wrap = true
tracks/0/imported = false
tracks/0/enabled = true
tracks/0/keys = {
"times": PoolRealArray( 0, 1 ),
"transitions": PoolRealArray( 1, 1 ),
"update": 0,
"values": [ Color( 1, 1, 1, 1 ), Color( 0.27451, 0.27451, 0.27451, 1 ) ]
}
tracks/1/type = "value"
tracks/1/path = NodePath("sky/sky:modulate")
tracks/1/interp = 1
tracks/1/loop_wrap = true
tracks/1/imported = false
tracks/1/enabled = true
tracks/1/keys = {
"times": PoolRealArray( 0, 1 ),
"transitions": PoolRealArray( 1, 1 ),
"update": 0,
"values": [ Color( 1, 1, 1, 1 ), Color( 0.27451, 0.27451, 0.27451, 1 ) ]
}
tracks/2/type = "value"
tracks/2/path = NodePath("middle/middle:modulate")
tracks/2/interp = 1
tracks/2/loop_wrap = true
tracks/2/imported = false
tracks/2/enabled = true
tracks/2/keys = {
"times": PoolRealArray( 0, 1 ),
"transitions": PoolRealArray( 1, 1 ),
"update": 0,
"values": [ Color( 1, 1, 1, 1 ), Color( 0.27451, 0.27451, 0.27451, 1 ) ]
}
tracks/3/type = "value"
tracks/3/path = NodePath("front:modulate")
tracks/3/interp = 1
tracks/3/loop_wrap = true
tracks/3/imported = false
tracks/3/enabled = true
tracks/3/keys = {
"times": PoolRealArray( 0, 1 ),
"transitions": PoolRealArray( 1, 1 ),
"update": 0,
"values": [ Color( 1, 1, 1, 1 ), Color( 0.27451, 0.27451, 0.27451, 1 ) ]
}

[node name="caves" type="ParallaxBackground"]

layer = -1
offset = Vector2( 0, 0 )
rotation = 0.0
scale = Vector2( 1, 1 )
transform = Transform2D( 1, 0, 0, 1, 0, 0 )
scroll_offset = Vector2( 0, 0 )
scroll_base_offset = Vector2( 0, 0 )
scroll_base_scale = Vector2( 1, 1 )
scroll_limit_begin = Vector2( 0, 0 )
scroll_limit_end = Vector2( 0, 0 )
scroll_ignore_camera_zoom = true
script = ExtResource( 1 )

[node name="sky" type="ParallaxLayer" parent="." index="0"]

motion_scale = Vector2( 0, 0 )
motion_offset = Vector2( 0, 0 )
motion_mirroring = Vector2( 427, 0 )
_sections_unfolded = [ "Motion", "Transform", "Visibility" ]
__meta__ = {
"_edit_lock_": true
}

[node name="sky" type="Sprite" parent="sky" index="0"]

texture = ExtResource( 2 )
_sections_unfolded = [ "Transform", "Visibility" ]

[node name="back" type="ParallaxLayer" parent="." index="1"]

motion_scale = Vector2( 0.02, 0.02 )
motion_offset = Vector2( 0, 0 )
motion_mirroring = Vector2( 427, 0 )
_sections_unfolded = [ "Motion", "Transform", "Visibility" ]
__meta__ = {
"_edit_lock_": true
}

[node name="back" type="Sprite" parent="back" index="0"]

texture = ExtResource( 3 )
_sections_unfolded = [ "Transform" ]

[node name="middle" type="ParallaxLayer" parent="." index="2"]

motion_scale = Vector2( 0.04, 0.04 )
motion_offset = Vector2( 0, 0 )
motion_mirroring = Vector2( 427, 0 )
_sections_unfolded = [ "Motion", "Transform", "Visibility" ]
__meta__ = {
"_edit_lock_": true
}

[node name="middle" type="Sprite" parent="middle" index="0"]

texture = ExtResource( 4 )
_sections_unfolded = [ "Transform", "Visibility" ]

[node name="front" type="ParallaxLayer" parent="." index="3"]

motion_scale = Vector2( 0.1, 0.1 )
motion_offset = Vector2( 0, 0 )
motion_mirroring = Vector2( 427, 0 )
_sections_unfolded = [ "Motion", "Transform", "Visibility" ]

[node name="front" type="Sprite" parent="front" index="0"]

texture = ExtResource( 5 )
_sections_unfolded = [ "Transform" ]

[node name="anim" type="AnimationPlayer" parent="." index="4"]

root_node = NodePath("..")
autoplay = ""
playback_process_mode = 1
playback_default_blend_time = 0.0
playback_speed = 0.1
anims/day_night = SubResource( 3 )
blend_times = [  ]
_sections_unfolded = [ "Playback Options" ]


