[gd_scene load_steps=14 format=2]

[ext_resource path="res://environment/backgrounds/mountains/mountains.gd" type="Script" id=1]
[ext_resource path="res://environment/backgrounds/mountains/sky.png" type="Texture" id=2]
[ext_resource path="res://environment/backgrounds/mountains/clouds.png" type="Texture" id=3]
[ext_resource path="res://environment/backgrounds/mountains/stars.png" type="Texture" id=4]
[ext_resource path="res://environment/backgrounds/mountains/mountains_back.png" type="Texture" id=5]
[ext_resource path="res://environment/backgrounds/mountains/mountains_middle.png" type="Texture" id=6]
[ext_resource path="res://environment/small_fire/small_fire.tscn" type="PackedScene" id=7]
[ext_resource path="res://environment/backgrounds/mountains/mountains_front.png" type="Texture" id=8]

[sub_resource type="Shader" id=1]

code = "shader_type canvas_item;

uniform float speed = 0.005;

void fragment()
{
	vec2 uv = UV;
	uv.x += fract( TIME * speed );
	COLOR = texture( TEXTURE, uv );
}"

[sub_resource type="ShaderMaterial" id=2]

render_priority = 0
shader = SubResource( 1 )
shader_param/speed = null

[sub_resource type="Animation" id=3]

resource_name = "day_night"
length = 1.0
loop = false
step = 0.1
tracks/0/type = "value"
tracks/0/path = NodePath("back:modulate")
tracks/0/interp = 1
tracks/0/loop_wrap = true
tracks/0/imported = false
tracks/0/enabled = true
tracks/0/keys = {
"times": PoolRealArray( 0, 1 ),
"transitions": PoolRealArray( 1, 1 ),
"update": 0,
"values": [ Color( 1, 1, 1, 1 ), Color( 0.27451, 0.27451, 0.27451, 1 ) ]
}
tracks/1/type = "value"
tracks/1/path = NodePath("sky/sky:modulate")
tracks/1/interp = 1
tracks/1/loop_wrap = true
tracks/1/imported = false
tracks/1/enabled = true
tracks/1/keys = {
"times": PoolRealArray( 0, 1 ),
"transitions": PoolRealArray( 1, 1 ),
"update": 0,
"values": [ Color( 1, 1, 1, 1 ), Color( 0.27451, 0.27451, 0.27451, 1 ) ]
}
tracks/2/type = "value"
tracks/2/path = NodePath("sky/clouds:modulate")
tracks/2/interp = 1
tracks/2/loop_wrap = true
tracks/2/imported = false
tracks/2/enabled = true
tracks/2/keys = {
"times": PoolRealArray( 0, 1 ),
"transitions": PoolRealArray( 1, 1 ),
"update": 0,
"values": [ Color( 1, 1, 1, 0.576549 ), Color( 0.27451, 0.27451, 0.27451, 0 ) ]
}
tracks/3/type = "value"
tracks/3/path = NodePath("sky/stars:modulate")
tracks/3/interp = 1
tracks/3/loop_wrap = true
tracks/3/imported = false
tracks/3/enabled = true
tracks/3/keys = {
"times": PoolRealArray( 0, 1 ),
"transitions": PoolRealArray( 4, 1 ),
"update": 0,
"values": [ Color( 1, 1, 1, 0 ), Color( 1, 1, 1, 0.364627 ) ]
}
tracks/4/type = "value"
tracks/4/path = NodePath("middle/mountains_middle:modulate")
tracks/4/interp = 1
tracks/4/loop_wrap = true
tracks/4/imported = false
tracks/4/enabled = true
tracks/4/keys = {
"times": PoolRealArray( 0, 1 ),
"transitions": PoolRealArray( 1, 1 ),
"update": 0,
"values": [ Color( 1, 1, 1, 1 ), Color( 0.27451, 0.27451, 0.27451, 1 ) ]
}
tracks/5/type = "value"
tracks/5/path = NodePath("front:modulate")
tracks/5/interp = 1
tracks/5/loop_wrap = true
tracks/5/imported = false
tracks/5/enabled = true
tracks/5/keys = {
"times": PoolRealArray( 0, 1 ),
"transitions": PoolRealArray( 1, 1 ),
"update": 0,
"values": [ Color( 1, 1, 1, 1 ), Color( 0.27451, 0.27451, 0.27451, 1 ) ]
}

[sub_resource type="Animation" id=4]

resource_name = "cycle"
length = 1.0
loop = false
step = 0.1
tracks/0/type = "value"
tracks/0/path = NodePath("middle/small_fire:modulate")
tracks/0/interp = 1
tracks/0/loop_wrap = true
tracks/0/imported = false
tracks/0/enabled = true
tracks/0/keys = {
"times": PoolRealArray( 0, 0.5 ),
"transitions": PoolRealArray( 1, 1 ),
"update": 0,
"values": [ Color( 1, 1, 1, 0 ), Color( 1, 1, 1, 1 ) ]
}

[sub_resource type="Animation" id=5]

resource_name = "start"
length = 1.0
loop = false
step = 0.1
tracks/0/type = "value"
tracks/0/path = NodePath("middle/small_fire:modulate")
tracks/0/interp = 1
tracks/0/loop_wrap = true
tracks/0/imported = false
tracks/0/enabled = true
tracks/0/keys = {
"times": PoolRealArray( 0 ),
"transitions": PoolRealArray( 1 ),
"update": 0,
"values": [ Color( 1, 1, 1, 0 ) ]
}

[node name="mountains" type="ParallaxBackground"]

layer = -1
offset = Vector2( 0, 0 )
rotation = 0.0
scale = Vector2( 1, 1 )
transform = Transform2D( 1, 0, 0, 1, 0, 0 )
scroll_offset = Vector2( 0, 0 )
scroll_base_offset = Vector2( 0, 0 )
scroll_base_scale = Vector2( 1, 1 )
scroll_limit_begin = Vector2( 0, 0 )
scroll_limit_end = Vector2( 0, 0 )
scroll_ignore_camera_zoom = true
script = ExtResource( 1 )

[node name="sky" type="ParallaxLayer" parent="." index="0"]

motion_scale = Vector2( 0, 0 )
motion_offset = Vector2( 0, 0 )
motion_mirroring = Vector2( 640, 0 )
_sections_unfolded = [ "Motion", "Visibility" ]

[node name="sky" type="Sprite" parent="sky" index="0"]

position = Vector2( 320, 64 )
texture = ExtResource( 2 )
_sections_unfolded = [ "Visibility" ]

[node name="clouds" type="Sprite" parent="sky" index="1"]

modulate = Color( 1, 1, 1, 0.576549 )
material = SubResource( 2 )
position = Vector2( 320, 8 )
texture = ExtResource( 3 )
_sections_unfolded = [ "Material", "Visibility" ]

[node name="stars" type="Sprite" parent="sky" index="2"]

modulate = Color( 1, 1, 1, 0 )
position = Vector2( 320, 64 )
texture = ExtResource( 4 )
_sections_unfolded = [ "Material", "Visibility" ]

[node name="back" type="ParallaxLayer" parent="." index="1"]

motion_scale = Vector2( 0.02, 0.02 )
motion_offset = Vector2( 0, 0 )
motion_mirroring = Vector2( 640, 0 )
_sections_unfolded = [ "Motion", "Visibility" ]

[node name="mountains_back" type="Sprite" parent="back" index="0"]

position = Vector2( 320, 0 )
texture = ExtResource( 5 )

[node name="middle" type="ParallaxLayer" parent="." index="2"]

motion_scale = Vector2( 0.04, 0.04 )
motion_offset = Vector2( 0, 0 )
motion_mirroring = Vector2( 640, 0 )
_sections_unfolded = [ "Motion", "Visibility" ]

[node name="mountains_middle" type="Sprite" parent="middle" index="0"]

position = Vector2( 320, 16 )
texture = ExtResource( 6 )
_sections_unfolded = [ "Transform", "Visibility" ]

[node name="small_fire" parent="middle" index="1" instance=ExtResource( 7 )]

modulate = Color( 1, 1, 1, 0 )
position = Vector2( 208, -43 )
_sections_unfolded = [ "Animation", "Visibility" ]

[node name="front" type="ParallaxLayer" parent="." index="3"]

position = Vector2( 16, 56 )
motion_scale = Vector2( 0.1, 0.1 )
motion_offset = Vector2( 0, 0 )
motion_mirroring = Vector2( 640, 0 )
_sections_unfolded = [ "Motion", "Visibility" ]

[node name="mountains_front" type="Sprite" parent="front" index="0"]

position = Vector2( 304, -8 )
texture = ExtResource( 8 )

[node name="anim" type="AnimationPlayer" parent="." index="4"]

root_node = NodePath("..")
autoplay = ""
playback_process_mode = 1
playback_default_blend_time = 0.0
playback_speed = 0.1
anims/day_night = SubResource( 3 )
blend_times = [  ]
_sections_unfolded = [ "Playback Options" ]

[node name="fireanim" type="AnimationPlayer" parent="." index="5"]

root_node = NodePath("..")
autoplay = "start"
playback_process_mode = 1
playback_default_blend_time = 0.0
playback_speed = 1.0
anims/cycle = SubResource( 4 )
anims/start = SubResource( 5 )
blend_times = [  ]


